@misc{eff-observatory,
  title={{T}he {EFF} {SSL} {O}bservatory},
  author={{E}lectronic {F}rontier {F}oundation},
  year={2010-2012},
  url={https://www.eff.org/observatory}
}

@misc{eckersley-obs1,
  author={P. {E}ckersley and J. {B}urns},
  title={{A}n {O}bservatory for the {SSL}iverse, {T}alk at {D}efcon 18},
  year= {2010},
  url = {https://www.eff.org/files/DefconSSLiverse.pdf}
}

@misc{eckersley-obs2,
  author={P. {E}ckersley and {J}. {B}urns},
  title={{I}s the {SSL}iverse a safe place?, {T}alk at {27C3}},
  year= {2010},
  url = {https://www.eff.org/files/ccc2010.pdf}
}


@inproceedings{ACSAC2012,
  author    = {Olivier Levillain},
  title     = {One {Y}ear of {SSL} {M}easurement},
  booktitle = {ACSAC},
  year      = {2012},
}

