@misc{eff-observatory,
  title={{T}he {EFF} {SSL} {O}bservatory},
  author={{E}lectronic {F}rontier {F}oundation},
  year={2010-2012},
  howpublished ="\url{https://www.eff.org/observatory}"
}

@misc{eckersley-obs1,
  author={P. {E}ckersley and J. {B}urns},
  title={{A}n {O}bservatory for the {SSL}iverse, {T}alk at {D}efcon 18},
  year= {2010},
  url = {https://www.eff.org/files/DefconSSLiverse.pdf}
}

@misc{eckersley-obs2,
  author={P. {E}ckersley and {J}. {B}urns},
  title={{I}s the {SSL}iverse a safe place?, {T}alk at {27C3}},
  year= {2010},
  url = {https://www.eff.org/files/ccc2010.pdf}
}

@misc{moxie_nullchar,
  title = {{M}ore {T}ricks {F}or {D}efeating {SSL} {I}n {P}ractice},
  author = {{M}oxie {M}arlinspike},
  year = {2009},
  url = {http://www.blackhat.com/presentations/bh-usa-09/MARLINSPIKE/BHUSA09-Marlinspike-DefeatSSL-SLIDES.pdf}
}

@misc{ics2012,
  author={{C}arna {B}otnet},
  title={{I}nternet {C}ensus 2012 - {P}ort scanning /0 using insecure embedded devices},
  year= {2012},
  url = {http://internetcensus2012.bitbucket.org}
}

@misc{observatoire,
  author = {{ANSSI} and {AFNIC}},
  title  = {Rapport 2011 de l'observatoire de la résilience de l'{I}nternet français},
  year   = {2012},
  howpublished ="\url{www.ssi.gouv.fr/IMG/pdf/rapport-obs-20120620.pdf}"
}



@inproceedings{acsac2012,
  author    = {Olivier Levillain and Arnaud Ébalard and Hervé Debar and Benjamin Morin},
  title     = {One {Y}ear of {SSL} {M}easurement},
  booktitle = {ACSAC},
  year      = {2012},
}

@misc{software:scapy,
  author={P. {B}iondi and the {S}capy community},
  title={{S}capy},
  year= {2003-2012},
  howpublished ="\url{http://www.secdev.org/projects/scapy/}"
}

@misc{software:hachoir,
  author={V. {S}tinner},
  title={{H}achoir},
  year= {2009-2012},
  howpublished ="\url{https://bitbucket.org/haypo/hachoir/wiki/Home}"
}

@misc{software:bitstring,
  author={R. {J}ones},
  title={bitstring},
  year= {2003-2012},
  howpublished ="\url{http://code.google.com/p/bitstring/}"
}

@misc{software:lwt,
  author = {J. {V}ouillon},
  title  = {{L}wt: a {C}ooperative {T}hread {L}ibrary},
  year   = {2002-2012},
  howpublished ="\url{http://ocsigen.org/lwt/}"
}

@inproceedings{software:binpac,
    author = {{R}uoming {P}ang and {R}obin {S}ommer},
    title = {binpac: {A} yacc for {W}riting {A}pplication {P}rotocol {P}arsers},
    booktitle = {Internet Measurement Conference},
    year = {2006}
}


@misc{anssi:javasec,
  author = {ANSSI},
  title = {Sécurité et langage {J}ava},
  year = {2010},
  howpublished = "\url{http://www.ssi.gouv.fr/fr/anssi/publications/publications-scientifiques/autres-publications/securite-et-langage-java.html}"
}

@misc{anssi:lafosec,
  author = {ANSSI},
  title = {La{F}o{S}ec : {S}écurité et langages fonctionnels},
  year = {2013},
  howpublished = "\url{http://www.ssi.gouv.fr/fr/anssi/publications/publications-scientifiques/autres-publications/lafosec-securite-et-langages-fonctionnels.html}"
}

@inproceedings{jfla2013:lafosec1,
  author = {Saferiver},
  title = {Le projet {LaFoSec}},
  booktitle = {JFLA 2013}
}

@inproceedings{jfla2013:lafosec2,
  author = {ANSSI},
  title = {Langages et sécurité - généralités et cas des langages fonctionnels},
  booktitle = {JFLA 2013}
}

@inproceedings{sstic-uefi,
  author = {Pierre Chifflier},
  title = {{UEFI} et bootkits {PCI} : le danger vient d'en bas},
  year = {2013},
  booktitle = {{SSTIC}},
  howpublished = "\url{https://www.sstic.org/2013/presentation/uefi_et_bootkits_pci/}"
}


@inproceedings{next700ddl,
  author = {Fisher, {K}athleen and {M}andelbaum, {Y}itzhak and {W}alker, {D}avid},
  booktitle = {{POPL}},
  publisher = {{ACM}},
  title = {The next 700 data description languages.},
  year = 2006
}

@INPROCEEDINGS{datascript,
    author = {Godmar {B}ack},
    title = {DataScript - {A} {S}pecification and {S}cripting {L}anguage for {B}inary {D}ata},
    booktitle = {Generative {P}rogramming and {C}omponent {E}ngineering},
    year = {2002},
    publisher = {Springer}
}

@inproceedings{packettypes,
  added-at = {2002-12-09T00:00:00.000+0100},
  author = {McCann, Peter J. and Chandra, Satish},
  biburl = {http://www.bibsonomy.org/bibtex/25a1a1f8ab677586658c5c86086eb4f1b/dblp},
  booktitle = {SIGCOMM},
  date = {2002-12-09},
  description = {dblp},
  ee = {http://doi.acm.org/10.1145/347059.347563},
  interhash = {befb199b13c86a8241cd9330463a69df},
  intrahash = {5a1a1f8ab677586658c5c86086eb4f1b},
  keywords = {dblp},
  pages = {321-333},
  timestamp = {2002-12-09T00:00:00.000+0100},
  title = {Packet Types: Abstract specifications of network protocol messages.},
  url = {http://dblp.uni-trier.de/db/conf/sigcomm/sigcomm2000.html#McCannC00},
  year = 2000
}

