@misc{eff-observatory,
  title={{T}he {EFF} {SSL} {O}bservatory},
  author={{E}lectronic {F}rontier {F}oundation},
  year={2010-2012},
  howpublished ="\url{https://www.eff.org/observatory}"
}

@misc{eckersley-obs1,
  author={P. {E}ckersley and J. {B}urns},
  title={{A}n {O}bservatory for the {SSL}iverse, {T}alk at {D}efcon 18},
  year= {2010},
  url = {https://www.eff.org/files/DefconSSLiverse.pdf}
}

@misc{eckersley-obs2,
  author={P. {E}ckersley and {J}. {B}urns},
  title={{I}s the {SSL}iverse a safe place?, {T}alk at {27C3}},
  year= {2010},
  url = {https://www.eff.org/files/ccc2010.pdf}
}


@inproceedings{ACSAC2012,
  author    = {Olivier Levillain},
  title     = {One {Y}ear of {SSL} {M}easurement},
  booktitle = {ACSAC},
  year      = {2012},
}

@misc{scapy,
  author={P. {B}iondi and the {S}capy community},
  title={{S}capy},
  year= {2003-2012},
  howpublished ="\url{http://www.secdev.org/projects/scapy/}"
}

@misc{hachoir,
  author={V. {S}tinner},
  title={{H}achoir},
  year= {2009-2012},
  howpublished ="\url{https://bitbucket.org/haypo/hachoir/wiki/Home}"
}

@misc{observatoire,
  author = {{ANSSI} and {AFNIC}},
  title  = {Rapport 2011 de l'observatoire de la résilience de l'Internet français},
  year   = {2012},
  howpublished ="\url{www.ssi.gouv.fr/IMG/pdf/rapport-obs-20120620.pdf}"
}

@misc{lwt,
  author = {J. {V}ouillon},
  title  = {{L}wt: a {C}ooperative {T}hread {L}ibrary},
  year   = {2002-2012},
  howpublished ="\url{http://ocsigen.org/lwt/}"
}
